@misc{wikiDS,
  title        = {Wikipedia},
  howpublished = {\url{https://en.wikipedia.org/wiki/Data_science}},
  note         = {Accessed: 2023-03-13}
}
@misc{algo7,
  title        = {7 types of classification algorithms},
  author       = {Rohit Garg},
  howpublished = {\url{https://analyticsindiamag.com/7-types-classification-algorithms/}},
  note         = {Accessed: 2023-03-15}
}
@misc{algo8,
  title        = {Machine learning classification - 8 algorithms for data science aspirants},
  howpublished = {\url{https://data-flair.training/blogs/machine-learning-classification-algorithms/}},
  note         = {Accessed: 2023-03-15}
}
@misc{algo82,
  title        = {8 types of machine learning classification algorithms},
  author       = {Ekin Keserer},
  howpublished = {\url{https://www.akkio.com/post/5-types-of-machine-learning-classification-algorithms}},
  note         = {Accessed: 2023-03-15}
}
@book{MLalgorithms,
  title     = {Machine Learning Algorithms: Popular algorithms for data science and machine learning},
  author    = {Bonaccorso, Giuseppe},
  year      = {2018},
  publisher = {Packt Publishing Ltd}
}
@book{dataScienceInR,
  title     = {Introduction to data science: Data analysis and prediction algorithms with R},
  author    = {Irizarry, Rafael A},
  year      = {2019},
  publisher = {CRC Press}
}
@book{Classification,
  title     = {Data Science, Classification, and Related Methods: Proceedings of the Fifth Conference of the International Federation of Classification Societies (IFCS-96), Kobe, Japan, March 27--30, 1996},
  author    = {Hayashi, Chikio and Yajima, Keiji and Bock, Hans H and Ohsumi, Noboru and Tanaka, Yutaka and Baba, Yasumasa},
  year      = {2013},
  publisher = {Springer Science \& Business Media}
}
@book{clasClustInR,
  title     = {Model-based clustering and classification for data science: with applications in R},
  author    = {Bouveyron, Charles and Celeux, Gilles and Murphy, T Brendan and Raftery, Adrian E},
  volume    = {50},
  year      = {2019},
  publisher = {Cambridge University Press}
}